<?xml version="1.0" encoding="UTF-8"?><collection xmlns="http://www.loc.gov/MARC21/slim"><record><leader>00528nam--2200181-i-4500</leader><controlfield tag="001">000025777</controlfield><controlfield tag="002">20161230</controlfield><controlfield tag="005">20161230201036</controlfield><controlfield tag="008">060222s1000------------r-----000-0-eng-d</controlfield><datafield ind1=" " ind2=" " tag="040"><subfield code="a">IFIN-HH</subfield></datafield><datafield ind1=" " ind2=" " tag="080"><subfield code="a">536.7:620.91</subfield></datafield><datafield ind1="1" ind2=" " tag="100"><subfield code="a">Kadambi, V</subfield></datafield><datafield ind1="1" ind2="0" tag="245"><subfield code="a">An introduction to energy conversion</subfield><subfield code="b">Vol.i: basic thermodynamics</subfield><subfield code="c">V. kadambi; manohar prasad</subfield></datafield><datafield ind1=" " ind2=" " tag="260"><subfield code="a">New Delhy</subfield><subfield code="b">Wiley Eastern Limited</subfield><subfield code="c">1976</subfield></datafield><datafield ind1=" " ind2=" " tag="300"><subfield code="a">VIII + 239P.+ 1 PL</subfield></datafield><datafield ind1="1" ind2=" " tag="700"><subfield code="a">Prasad, Manohar</subfield></datafield><datafield ind1=" " ind2=" " tag="852"><subfield code="a">45179</subfield><subfield code="c">536.7</subfield></datafield><datafield ind1=" " ind2=" " tag="CAT"><subfield code="a">Sys</subfield><subfield code="c">20110524</subfield><subfield code="h">154700</subfield></datafield></record></collection>